[{"orderID":2,"type":"bid","orderType":"limit","size":100,"price":100,"timestamp":1762615156182,"user":"luca"},{"orderID":1,"type":"ask","orderType":"limit","size":100,"price":100,"timestamp":1762615156182,"user":"fabiano"},{"orderID":4,"type":"bid","orderType":"market","size":50,"price":50,"timestamp":1762615279147,"user":"luca"},{"orderID":3,"type":"ask","orderType":"limit","size":50,"price":50,"timestamp":1762615279147,"user":"fabiano"},{"orderID":6,"type":"bid","orderType":"limit","size":100,"price":150,"timestamp":1762615415885,"user":"fabiano"},{"orderID":5,"type":"ask","orderType":"limit","size":100,"price":150,"timestamp":1762615415885,"user":"luca"},{"orderID":8,"type":"bid","orderType":"limit","size":100,"price":150,"timestamp":1762616047970,"user":"fabiano"},{"orderID":7,"type":"ask","orderType":"limit","size":100,"price":150,"timestamp":1762616047970,"user":"luca"},{"orderID":10,"type":"bid","orderType":"limit","size":50,"price":100,"timestamp":1762616517878,"user":"fabiano"},{"orderID":9,"type":"ask","orderType":"limit","size":50,"price":100,"timestamp":1762616517878,"user":"luca"},{"orderID":12,"type":"bid","orderType":"limit","size":50,"price":100,"timestamp":1762616928295,"user":"fabiano"},{"orderID":11,"type":"ask","orderType":"limit","size":50,"price":100,"timestamp":1762616928295,"user":"luca"},{"orderID":14,"type":"bid","orderType":"limit","size":50,"price":100,"timestamp":1762617094638,"user":"fabiano"},{"orderID":13,"type":"ask","orderType":"limit","size":50,"price":100,"timestamp":1762617094638,"user":"luca"},{"orderID":15,"type":"bid","orderType":"limit","size":25,"price":100,"timestamp":1762617120217,"user":"fabiano"},{"orderID":13,"type":"ask","orderType":"limit","size":25,"price":100,"timestamp":1762617120217,"user":"luca"},{"orderID":16,"type":"bid","orderType":"limit","size":0,"price":100,"timestamp":1762617147874,"user":"fabiano"},{"orderID":13,"type":"ask","orderType":"limit","size":0,"price":100,"timestamp":1762617147874,"user":"luca"},{"orderID":20,"type":"bid","orderType":"limit","size":50,"price":100,"timestamp":1762617530141,"user":"fabiano"},{"orderID":19,"type":"ask","orderType":"limit","size":50,"price":100,"timestamp":1762617530141,"user":"luca"},{"orderID":22,"type":"bid","orderType":"limit","size":50,"price":100,"timestamp":1762617621088,"user":"fabiano"},{"orderID":21,"type":"ask","orderType":"limit","size":50,"price":100,"timestamp":1762617621088,"user":"luca"},{"orderID":23,"type":"bid","orderType":"limit","size":25,"price":100,"timestamp":1762617638413,"user":"fabiano"},{"orderID":21,"type":"ask","orderType":"limit","size":25,"price":100,"timestamp":1762617638413,"user":"luca"},{"orderID":24,"type":"bid","orderType":"limit","size":25,"price":100,"timestamp":1762617652250,"user":"fabiano"},{"orderID":21,"type":"ask","orderType":"limit","size":25,"price":100,"timestamp":1762617652250,"user":"luca"},{"orderID":28,"type":"bid","orderType":"market","size":20,"price":100,"timestamp":1762617977791,"user":"luca"},{"orderID":27,"type":"ask","orderType":"limit","size":20,"price":100,"timestamp":1762617977791,"user":"fabiano"},{"orderID":29,"type":"bid","orderType":"market","size":30,"price":100,"timestamp":1762618011908,"user":"luca"},{"orderID":27,"type":"ask","orderType":"limit","size":30,"price":100,"timestamp":1762618011908,"user":"fabiano"},{"orderID":31,"type":"bid","orderType":"market","size":2,"price":1000,"timestamp":1762618075239,"user":"luca"},{"orderID":30,"type":"ask","orderType":"limit","size":2,"price":1000,"timestamp":1762618075239,"user":"fabiano"},{"orderID":34,"type":"bid","orderType":"market","size":50,"price":50,"timestamp":1762622323188,"user":"luca"},{"orderID":33,"type":"ask","orderType":"limit","size":50,"price":50,"timestamp":1762622323188,"user":"fabiano"},{"orderID":36,"type":"bid","orderType":"market","size":50,"price":50,"timestamp":1762622410705,"user":"luca"},{"orderID":35,"type":"ask","orderType":"limit","size":50,"price":50,"timestamp":1762622410705,"user":"fabiano"},{"orderID":39,"type":"bid","orderType":"market","size":50,"price":100,"timestamp":1762623679810,"user":"luca"},{"orderID":38,"type":"ask","orderType":"limit","size":100,"price":100,"timestamp":1762623679810,"user":"fabiano"},{"orderID":37,"type":"ask","orderType":"limit","size":50,"price":100,"timestamp":1762623679810,"user":"luca"},{"orderID":39,"type":"bid","orderType":"market","size":50,"price":100,"timestamp":1762623679810,"user":"fabiano"},{"orderID":44,"type":"bid","orderType":"limit","size":2000,"price":60000,"timestamp":1762764089314,"user":"luca"},{"orderID":43,"type":"ask","orderType":"limit","size":2000,"price":60000,"timestamp":1762764089314,"user":"franco"},{"orderID":44,"type":"ask","orderType":"limit","size":2000,"price":60000,"timestamp":1762764821510,"user":"franco"},{"orderID":43,"type":"bid","orderType":"limit","size":2000,"price":60000,"timestamp":1762764821510,"user":"luca"},{"orderID":46,"type":"ask","orderType":"limit","size":2000,"price":60000,"timestamp":1762767369175,"user":"franco"},{"orderID":45,"type":"bid","orderType":"limit","size":2000,"price":60000,"timestamp":1762767369175,"user":"luca"},{"orderID":48,"type":"ask","orderType":"limit","size":2000,"price":60000,"timestamp":1762767588756,"user":"franco"},{"orderID":47,"type":"bid","orderType":"limit","size":2000,"price":60000,"timestamp":1762767588756,"user":"luca"},{"orderID":50,"type":"ask","orderType":"limit","size":5000,"price":60000,"timestamp":1762767932204,"user":"franco"},{"orderID":49,"type":"bid","orderType":"limit","size":5000,"price":60000,"timestamp":1762767932204,"user":"luca"},{"orderID":52,"type":"ask","orderType":"limit","size":0,"price":60000,"timestamp":1762768255891,"user":"franco"},{"orderID":51,"type":"bid","orderType":"limit","size":0,"price":60000,"timestamp":1762768255891,"user":"luca"},{"orderID":54,"type":"ask","orderType":"limit","size":0,"price":60000,"timestamp":1762768728002,"user":"franco"},{"orderID":53,"type":"bid","orderType":"limit","size":0,"price":60000,"timestamp":1762768728002,"user":"luca"},{"orderID":56,"type":"ask","orderType":"limit","size":2000,"price":60000,"timestamp":1762768968829,"user":"franco"},{"orderID":55,"type":"bid","orderType":"limit","size":2000,"price":60000,"timestamp":1762768968829,"user":"luca"},{"orderID":57,"type":"bid","orderType":"market","size":4000,"price":60000,"timestamp":1762769073244,"user":"franco"},{"orderID":56,"type":"ask","orderType":"limit","size":4000,"price":60000,"timestamp":1762769073244,"user":"luca"},{"orderID":60,"type":"ask","orderType":"limit","size":2000,"price":60000,"timestamp":1762769293331,"user":"franco"},{"orderID":59,"type":"bid","orderType":"limit","size":2000,"price":60000,"timestamp":1762769293331,"user":"luca"},{"orderID":61,"type":"bid","orderType":"market","size":1000,"price":60000,"timestamp":1762769345026,"user":"franco"},{"orderID":60,"type":"ask","orderType":"limit","size":1000,"price":60000,"timestamp":1762769345026,"user":"luca"},{"orderID":62,"type":"bid","orderType":"market","size":2000,"price":60000,"timestamp":1762769386984,"user":"franco"},{"orderID":60,"type":"ask","orderType":"limit","size":2000,"price":60000,"timestamp":1762769386984,"user":"luca"},{"orderID":66,"type":"bid","orderType":"market","size":2000,"price":60000,"timestamp":1762769700282,"user":"luca"},{"orderID":65,"type":"ask","orderType":"limit","size":2000,"price":60000,"timestamp":1762769700282,"user":"franco"},{"orderID":68,"type":"ask","orderType":"market","size":2000,"price":60000,"timestamp":1762769740561,"user":"luca"},{"orderID":67,"type":"bid","orderType":"limit","size":3000,"price":60000,"timestamp":1762769740561,"user":"franco"},{"orderID":65,"type":"ask","orderType":"limit","size":1000,"price":60000,"timestamp":1762769740561,"user":"franco"},{"orderID":68,"type":"ask","orderType":"market","size":1000,"price":60000,"timestamp":1762769740561,"user":"luca"},{"orderID":73,"type":"bid","orderType":"market","size":2000,"price":60000,"timestamp":1762770339968,"user":"luca"},{"orderID":72,"type":"ask","orderType":"limit","size":2000,"price":60000,"timestamp":1762770339968,"user":"franco"},{"orderID":74,"type":"ask","orderType":"market","size":3000,"price":60000,"timestamp":1762770391354,"user":"luca"},{"orderID":71,"type":"bid","orderType":"limit","size":3000,"price":60000,"timestamp":1762770391354,"user":"franco"},{"orderID":77,"type":"bid","orderType":"market","size":500,"price":11000,"timestamp":1762771826810,"user":"fabiano"},{"orderID":76,"type":"ask","orderType":"limit","size":1000,"price":11000,"timestamp":1762771826810,"user":"franco"},{"orderID":75,"type":"ask","orderType":"limit","size":500,"price":10000,"timestamp":1762771826810,"user":"luca"},{"orderID":77,"type":"bid","orderType":"market","size":500,"price":10000,"timestamp":1762771826810,"user":"fabiano"},{"orderID":81,"type":"bid","orderType":"market","size":500,"price":1000,"timestamp":1762772273542,"user":"fabiano"},{"orderID":80,"type":"ask","orderType":"limit","size":1000,"price":1000,"timestamp":1762772273542,"user":"franco"},{"orderID":79,"type":"ask","orderType":"limit","size":500,"price":1000,"timestamp":1762772273542,"user":"luca"},{"orderID":81,"type":"bid","orderType":"market","size":500,"price":1000,"timestamp":1762772273542,"user":"fabiano"},{"orderID":85,"type":"bid","orderType":"market","size":500,"price":2000,"timestamp":1762772494499,"user":"fabiano"},{"orderID":84,"type":"ask","orderType":"limit","size":1000,"price":2000,"timestamp":1762772494499,"user":"franco"},{"orderID":83,"type":"ask","orderType":"limit","size":500,"price":1500,"timestamp":1762772494499,"user":"luca"},{"orderID":85,"type":"bid","orderType":"market","size":500,"price":1500,"timestamp":1762772494499,"user":"fabiano"},{"orderID":88,"type":"bid","orderType":"market","size":200,"price":5000,"timestamp":1762772593094,"user":"fabiano"},{"orderID":87,"type":"ask","orderType":"limit","size":700,"price":5000,"timestamp":1762772593094,"user":"franco"},{"orderID":86,"type":"ask","orderType":"limit","size":500,"price":1000,"timestamp":1762772593094,"user":"luca"},{"orderID":88,"type":"bid","orderType":"market","size":500,"price":1000,"timestamp":1762772593094,"user":"fabiano"},{"orderID":94,"type":"bid","orderType":"market","size":1000,"price":59000,"timestamp":1762776339310,"user":"luca"},{"orderID":93,"type":"ask","orderType":"limit","size":1000,"price":59000,"timestamp":1762776339310,"user":"franco"},{"orderID":94,"type":"ask","orderType":"limit","size":5,"price":4800,"timestamp":1762783579959,"user":"luca"},{"orderID":93,"type":"bid","orderType":"limit","size":5,"price":4900,"timestamp":1762783579959,"user":"fabiano"},{"orderID":98,"type":"ask","orderType":"market","size":10,"price":5000,"timestamp":1762784113358,"user":"franco"},{"orderID":97,"type":"bid","orderType":"limit","size":10,"price":5000,"timestamp":1762784113358,"user":"luca"},{"orderID":99,"type":"ask","orderType":"market","size":5,"price":4900,"timestamp":1762784137658,"user":"franco"},{"orderID":95,"type":"bid","orderType":"limit","size":5,"price":4900,"timestamp":1762784137658,"user":"fabiano"},{"orderID":97,"type":"bid","orderType":"limit","size":5,"price":5000,"timestamp":1762784137658,"user":"luca"},{"orderID":99,"type":"ask","orderType":"market","size":5,"price":5000,"timestamp":1762784137658,"user":"franco"},{"orderID":100,"type":"ask","orderType":"market","size":10,"price":4900,"timestamp":1762784159701,"user":"franco"},{"orderID":96,"type":"bid","orderType":"limit","size":10,"price":4900,"timestamp":1762784159701,"user":"luca"},{"orderID":105,"type":"ask","orderType":"market","size":5,"price":70001,"timestamp":1762787809950,"user":"fabiano"},{"orderID":104,"type":"bid","orderType":"limit","size":5,"price":70001,"timestamp":1762787809950,"user":"franco"},{"orderID":107,"type":"ask","orderType":"market","size":5,"price":69999,"timestamp":1762787857961,"user":"fabiano"},{"orderID":106,"type":"bid","orderType":"limit","size":5,"price":69999,"timestamp":1762787857961,"user":"franco"},{"orderID":107,"type":"ask","orderType":"market","size":10,"price":69999,"timestamp":1762790525493,"user":"luca"},{"orderID":108,"type":"bid","orderType":"limit","size":10,"price":69999,"timestamp":1762790525493,"user":"franco"},{"orderID":112,"type":"ask","orderType":"market","size":5,"price":69999,"timestamp":1762792868899,"user":"luca"},{"orderID":111,"type":"bid","orderType":"limit","size":5,"price":69999,"timestamp":1762792868899,"user":"franco"},{"orderID":110,"type":"bid","orderType":"limit","size":5,"price":70001,"timestamp":1762792868899,"user":"franco"},{"orderID":112,"type":"ask","orderType":"market","size":5,"price":70001,"timestamp":1762792868899,"user":"luca"},{"orderID":109,"type":"ask","orderType":"stop","size":-1,"price":70000,"timestamp":1762792735916,"user":"luca"},{"orderID":116,"type":"ask","orderType":"market","size":10,"price":70001,"timestamp":1762793708871,"user":"fabiano"},{"orderID":115,"type":"bid","orderType":"limit","size":10,"price":70001,"timestamp":1762793708871,"user":"franco"},{"orderID":114,"type":"ask","orderType":"market","size":10,"price":70000,"timestamp":1762793732664,"user":"luca"},{"orderID":117,"type":"bid","orderType":"limit","size":10,"price":70000,"timestamp":1762793732664,"user":"franco"},{"orderID":122,"type":"ask","orderType":"market","size":10,"price":70001,"timestamp":1762793844484,"user":"fabiano"},{"orderID":120,"type":"bid","orderType":"limit","size":10,"price":70001,"timestamp":1762793844484,"user":"franco"},{"orderID":119,"type":"ask","orderType":"market","size":10,"price":69999,"timestamp":1762793844484,"user":"luca"},{"orderID":121,"type":"bid","orderType":"limit","size":10,"price":69999,"timestamp":1762793844484,"user":"franco"},{"orderID":124,"type":"ask","orderType":"market","size":50,"price":100,"timestamp":1762799554535,"user":"franco"},{"orderID":123,"type":"bid","orderType":"limit","size":50,"price":100,"timestamp":1762799554535,"user":"luca"},{"orderID":128,"type":"ask","orderType":"market","size":20,"price":110,"timestamp":1762800294503,"user":"luca"},{"orderID":126,"type":"bid","orderType":"limit","size":20,"price":110,"timestamp":1762800294503,"user":"franco"},{"orderID":129,"type":"bid","orderType":"market","size":20,"price":95,"timestamp":1762800322898,"user":"luca"},{"orderID":125,"type":"ask","orderType":"limit","size":20,"price":95,"timestamp":1762800322898,"user":"franco"},{"orderID":132,"type":"ask","orderType":"market","size":20,"price":110,"timestamp":1762800541333,"user":"luca"},{"orderID":130,"type":"bid","orderType":"limit","size":20,"price":110,"timestamp":1762800541333,"user":"franco"},{"orderID":128,"type":"ask","orderType":"market","size":10,"price":95,"timestamp":1762800541333,"user":"luca"},{"orderID":131,"type":"bid","orderType":"limit","size":10,"price":95,"timestamp":1762800541333,"user":"franco"},{"orderID":129,"type":"bid","orderType":"market","size":10,"price":110,"timestamp":1762800604730,"user":"luca"},{"orderID":134,"type":"ask","orderType":"limit","size":10,"price":110,"timestamp":1762800604730,"user":"franco"},{"orderID":137,"type":"bid","orderType":"market","size":100,"price":100,"timestamp":1762800971942,"user":"franco"},{"orderID":134,"type":"ask","orderType":"limit","size":100,"price":100,"timestamp":1762800971942,"user":"luca"}]